@book{Dovermann,
	author = {Dovermann, Karl Heinz},
	title = {A Summary of Calculus},
	year = {2003},
	month = {7}
}